<collection xmlns="http://www.loc.gov/MARC21/slim">
<record>
  <leader>03465nam0a2200553 i 450 </leader>
  <controlfield tag="001">IT\ICCU\CNCE\047046</controlfield>
  <controlfield tag="005">20180130000000.0</controlfield>
  <datafield tag="012" ind1=" " ind2=" ">
    <subfield code="a">s-n- i.si ,&amp;si getu (3) 1563 (R)</subfield>
    <subfield code="2">fei</subfield>
  </datafield>
  <datafield tag="100" ind1=" " ind2=" ">
    <subfield code="a">19990208d1563        0itac0103    ba</subfield>
  </datafield>
  <datafield tag="101" ind1=" " ind2=" ">
    <subfield code="a">ITA</subfield>
  </datafield>
  <datafield tag="102" ind1=" " ind2=" ">
    <subfield code="a">IT</subfield>
  </datafield>
  <datafield tag="200" ind1="1" ind2=" ">
    <subfield code="a">℗Il ℗terzo libro delle prediche del reuerendiss. monsignor Cornelio Musso vescouo di Bitonto</subfield>
  </datafield>
  <datafield tag="210" ind1=" " ind2=" ">
    <subfield code="a">In Vinegia</subfield>
    <subfield code="c">appresso Gabriel Giolito de&apos; Ferrari</subfield>
    <subfield code="d">1563</subfield>
    <subfield code="e">In Vinegia</subfield>
    <subfield code="g">appresso Gabriel Giolito de&apos; Ferrari</subfield>
    <subfield code="h">1563</subfield>
  </datafield>
  <datafield tag="215" ind1=" " ind2=" ">
    <subfield code="a">\12!, 563, \1! p.</subfield>
    <subfield code="d">4ʻ</subfield>
  </datafield>
  <datafield tag="620" ind1=" " ind2=" ">
    <subfield code="a">IT</subfield>
    <subfield code="d">Venezia</subfield>
  </datafield>
  <datafield tag="700" ind1=" " ind2="1">
    <subfield code="a">Musso,</subfield>
    <subfield code="b">Cornelio</subfield>
    <subfield code="3">IT\ICCU\CNCA\001160</subfield>
  </datafield>
  <datafield tag="712" ind1="0" ind2="0">
    <subfield code="a">Giolito De Ferrari, Gabriele</subfield>
    <subfield code="3">IT\ICCU\CNCT\000033</subfield>
    <subfield code="4">650</subfield>
  </datafield>
  <datafield tag="790" ind1=" " ind2="1">
    <subfield code="a">Mussi,</subfield>
    <subfield code="b">Cornelio</subfield>
    <subfield code="3">IT\ICCU\CNCA\007262</subfield>
    <subfield code="z">Musso, Cornelio</subfield>
  </datafield>
  <datafield tag="790" ind1=" " ind2="1">
    <subfield code="a">Mussus,</subfield>
    <subfield code="b">Cornelius</subfield>
    <subfield code="3">IT\ICCU\CNCA\021133</subfield>
    <subfield code="z">Musso, Cornelio</subfield>
  </datafield>
  <datafield tag="791" ind1="0" ind2="0">
    <subfield code="a">Iolitus de Ferrariis, Gabriel</subfield>
    <subfield code="3">IT\ICCU\CNCT\003847</subfield>
    <subfield code="z">Giolito De Ferrari, Gabriele</subfield>
  </datafield>
  <datafield tag="791" ind1="0" ind2="0">
    <subfield code="a">Iolito de Ferrarii, Gabriel</subfield>
    <subfield code="3">IT\ICCU\CNCT\004885</subfield>
    <subfield code="z">Giolito De Ferrari, Gabriele</subfield>
  </datafield>
  <datafield tag="801" ind1=" " ind2="3">
    <subfield code="a">IT</subfield>
    <subfield code="b">ICCU</subfield>
    <subfield code="c">20201115</subfield>
  </datafield>
  <datafield tag="899" ind1=" " ind2=" ">
    <subfield code="a">Biblioteca statale di Montevergine. Mercogliano</subfield>
    <subfield code="1">AV0045</subfield>
    <subfield code="2">NAP MV</subfield>
  </datafield>
  <datafield tag="899" ind1=" " ind2=" ">
    <subfield code="a">Archivio biblioteca museo civico. ABMC. Altamura</subfield>
    <subfield code="1">BA0004</subfield>
    <subfield code="2">BA1 34</subfield>
  </datafield>
  <datafield tag="899" ind1=" " ind2=" ">
    <subfield code="a">Biblioteca del Seminario vescovile. Conversano</subfield>
    <subfield code="1">BA0087</subfield>
    <subfield code="2">ZBA 11</subfield>
  </datafield>
  <datafield tag="899" ind1=" " ind2=" ">
    <subfield code="a">Biblioteca provinciale dei Frati minori dell&apos;Emilia. Sezione Biblioteca dell&apos;Osservanza. Bologna</subfield>
    <subfield code="z">MUTILO</subfield>
    <subfield code="1">BO0336</subfield>
    <subfield code="2">ZBO 41</subfield>
  </datafield>
  <datafield tag="899" ind1=" " ind2=" ">
    <subfield code="a">Biblioteca comunale De Pace-Lombardi. Oria</subfield>
    <subfield code="1">BR0012</subfield>
    <subfield code="2">BRI PJ</subfield>
  </datafield>
  <datafield tag="899" ind1=" " ind2=" ">
    <subfield code="a">Biblioteca universitaria. Cagliari</subfield>
    <subfield code="1">CA0194</subfield>
    <subfield code="2">CAG UC</subfield>
  </datafield>
  <datafield tag="899" ind1=" " ind2=" ">
    <subfield code="a">Biblioteca statale. Cremona</subfield>
    <subfield code="1">CR0062</subfield>
    <subfield code="2">LO1 28</subfield>
  </datafield>
  <datafield tag="899" ind1=" " ind2=" ">
    <subfield code="a">Biblioteca civica. Cosenza</subfield>
    <subfield code="1">CS0044</subfield>
    <subfield code="2">RCA 20</subfield>
  </datafield>
  <datafield tag="899" ind1=" " ind2=" ">
    <subfield code="a">Biblioteca statale. Lucca</subfield>
    <subfield code="1">LU0022</subfield>
    <subfield code="2">LUA BL</subfield>
  </datafield>
  <datafield tag="899" ind1=" " ind2=" ">
    <subfield code="a">Biblioteca Ambrosiana. Milano</subfield>
    <subfield code="1">MI0133</subfield>
    <subfield code="2">VBA 01</subfield>
  </datafield>
  <datafield tag="899" ind1=" " ind2=" ">
    <subfield code="a">Biblioteca nazionale Vittorio Emanuele III. Napoli</subfield>
    <subfield code="1">NA0079</subfield>
    <subfield code="2">NAP BN</subfield>
  </datafield>
  <datafield tag="899" ind1=" " ind2=" ">
    <subfield code="a">Biblioteca comunale. Citerna</subfield>
    <subfield code="1">PG0028</subfield>
    <subfield code="2">UM1 67</subfield>
  </datafield>
  <datafield tag="899" ind1=" " ind2=" ">
    <subfield code="a">Biblioteca comunale. Montefalco</subfield>
    <subfield code="1">PG0058</subfield>
    <subfield code="2">UM1 17</subfield>
  </datafield>
  <datafield tag="899" ind1=" " ind2=" ">
    <subfield code="a">Biblioteca comunale Augusta. Perugia</subfield>
    <subfield code="1">PG0109</subfield>
    <subfield code="2">UM1 01</subfield>
  </datafield>
  <datafield tag="899" ind1=" " ind2=" ">
    <subfield code="a">Biblioteca Angelica. Roma</subfield>
    <subfield code="1">RM0290</subfield>
    <subfield code="2">RML 06</subfield>
  </datafield>
  <datafield tag="899" ind1=" " ind2=" ">
    <subfield code="a">Biblioteca S. Alfonso. Pagani</subfield>
    <subfield code="1">SA0042</subfield>
    <subfield code="2">CAM AL</subfield>
  </datafield>
  <datafield tag="899" ind1=" " ind2=" ">
    <subfield code="a">Biblioteca provinciale. Salerno</subfield>
    <subfield code="z">MUTILO</subfield>
    <subfield code="1">SA0063</subfield>
    <subfield code="2">CAM PS</subfield>
  </datafield>
  <datafield tag="899" ind1=" " ind2=" ">
    <subfield code="a">Fondazione Biblioteca S. Bernardino. Trento</subfield>
    <subfield code="1">TN0122</subfield>
    <subfield code="2">ZTN 18</subfield>
  </datafield>
  <datafield tag="899" ind1=" " ind2=" ">
    <subfield code="a">Biblioteca provinciale Frati minori cappuccini. Torino</subfield>
    <subfield code="z">MUTILO</subfield>
    <subfield code="1">TO0264</subfield>
    <subfield code="2">TO0 84</subfield>
  </datafield>
  <datafield tag="899" ind1=" " ind2=" ">
    <subfield code="a">Biblioteca della Fondazione Luigi Firpo. Centro di studi sul pensiero politico. Torino</subfield>
    <subfield code="1">TO0469</subfield>
    <subfield code="2">TO0 18</subfield>
  </datafield>
  <datafield tag="899" ind1=" " ind2=" ">
    <subfield code="a">Biblioteca civica. Verona</subfield>
    <subfield code="1">VR0059</subfield>
    <subfield code="2">ZVR 02</subfield>
  </datafield>
  <datafield tag="911" ind1=" " ind2=" ">
    <subfield code="a">Sul front.</subfield>
    <subfield code="9">IT\ICCU\CNCM\000210</subfield>
  </datafield>
  <datafield tag="911" ind1=" " ind2=" ">
    <subfield code="a">nel coloph.</subfield>
    <subfield code="9">IT\ICCU\CNCM\002054</subfield>
  </datafield>
  <datafield tag="911" ind1=" " ind2=" ">
    <subfield code="a">Sul front. nel fregio.</subfield>
    <subfield code="9">IT\ICCU\CNCM\002167</subfield>
  </datafield>
  <datafield tag="921" ind1=" " ind2=" ">
    <subfield code="a">IT\ICCU\CNCM\000210</subfield>
    <subfield code="b">Fenice, rivolta al sole, su fiamme che si sprigionano da un&apos;anfora recante  le iniziali G.G.F. In cornice</subfield>
    <subfield code="e">Semper eadem; Vivo morte refecta mea</subfield>
    <subfield code="c">A122</subfield>
    <subfield code="c">V364</subfield>
    <subfield code="c">Z540</subfield>
    <subfield code="d">Dimensioni: 7 x 9</subfield>
    <subfield code="f">ANFORA</subfield>
    <subfield code="f">FENICE</subfield>
    <subfield code="f">FIAMME</subfield>
    <subfield code="f">SEMPEREADE</subfield>
    <subfield code="f">GGF</subfield>
    <subfield code="g">1543-1591</subfield>
  </datafield>
  <datafield tag="921" ind1=" " ind2=" ">
    <subfield code="a">IT\ICCU\CNCM\002054</subfield>
    <subfield code="b">Fenice, rivolta al sole, su fiamme che si sprigionano da globo alato recante  le iniziali G.G.F.</subfield>
    <subfield code="e">Semper eadem</subfield>
    <subfield code="c">A123</subfield>
    <subfield code="d">Dimensioni: 6 x 7,8</subfield>
    <subfield code="f">FENICE</subfield>
    <subfield code="f">GLOBO</subfield>
    <subfield code="f">GGF</subfield>
    <subfield code="g">1542-1584</subfield>
  </datafield>
  <datafield tag="921" ind1=" " ind2=" ">
    <subfield code="a">IT\ICCU\CNCM\002167</subfield>
    <subfield code="b">Fenice su fiamme che si sprigionano da anfora recante le iniziali G.G.F.  In fregio con putti alati.</subfield>
    <subfield code="e">Semper eadem</subfield>
    <subfield code="c">U705</subfield>
    <subfield code="d">Dimensioni: 11,8 x 1,5</subfield>
    <subfield code="f">FENICE</subfield>
    <subfield code="f">ANFORA</subfield>
    <subfield code="f">SEMPEREADE</subfield>
    <subfield code="g">[1554?]-1579</subfield>
  </datafield>
</record>
</collection>
